@article{cortes1995support,
  title={Support-vector networks},
  author={Cortes, Corinna and Vapnik, Vladimir},
  journal={Machine learning},
  volume={20},
  number={3},
  pages={273--297},
  year={1995},
  publisher={Springer}
}


@article{farahmand2013classification,
  title={Classification-based Approximate Policy Iteration},
  author={Farahmand, Amir-massoud and Precup, Doina and Ghavamzadeh, Mohammad and Barreto, Andr{\'e} MS},
  journal={IEEE Transactions on Automatic Control (To be submitted)},
  volume={2},
  year={2013}
}


@inproceedings{chapelle2011empirical,
  title={An empirical evaluation of thompson sampling},
  author={Chapelle, Olivier and Li, Lihong},
  booktitle={Advances in neural information processing systems},
  pages={2249--2257},
  year={2011}
}


@inproceedings{li2010contextual,
  title={A contextual-bandit approach to personalized news article recommendation},
  author={Li, Lihong and Chu, Wei and Langford, John and Schapire, Robert E},
  booktitle={Proceedings of the 19th international conference on World wide web},
  pages={661--670},
  year={2010},
  organization={ACM}
}


@inproceedings{rusu20113d,
  title={3d is here: Point cloud library (pcl)},
  author={Rusu, Radu Bogdan and Cousins, Steve},
  booktitle={Robotics and Automation (ICRA), 2011 IEEE International Conference on},
  pages={1--4},
  year={2011},
  organization={IEEE}
}

@inproceedings{quigley2009ros,
  title={ROS: an open-source Robot Operating System},
  author={Quigley, Morgan and Conley, Ken and Gerkey, Brian and Faust, Josh and Foote, Tully and Leibs, Jeremy and Wheeler, Rob and Ng, Andrew Y},
  booktitle={ICRA workshop on open source software},
  volume={3},
  number={3.2},
  pages={5},
  year={2009}
}

@article{pan2011gpu,
  title={GPU-based parallel collision detection for fast motion planning},
  author={Pan, Jia and Manocha, Dinesh},
  journal={The International Journal of Robotics Research},
  pages={0278364911429335},
  year={2011},
  publisher={SAGE Publications}
}

@article{auer2002finite,
  title={Finite-time analysis of the multiarmed bandit problem},
  author={Auer, Peter and Cesa-Bianchi, Nicolo and Fischer, Paul},
  journal={Machine learning},
  volume={47},
  number={2-3},
  pages={235--256},
  year={2002},
  publisher={Springer}
}

@article{weber1990index,
  title={On an index policy for restless bandits},
  author={Weber, Richard R and Weiss, Gideon},
  journal={Journal of Applied Probability},
  pages={637--648},
  year={1990},
  publisher={JSTOR}
}

@article{sonin2011optimal,
  title={Optimal stopping of Markov chains and three abstract optimization problems},
  author={Sonin, Isaac M},
  journal={Stochastics An International Journal of Probability and Stochastic Processes},
  volume={83},
  number={4-6},
  pages={405--414},
  year={2011},
  publisher={Taylor \& Francis}
}

@article{tavener2012survey,
  title={A survey of monte carlo tree search methods},
  author={Tavener, Stephen and Perez, Diego and Samothrakis, Spyridon and Colton, Simon},
  journal={Computational Intelligence and AI in Games, IEEE Trans. on},
  url = {http://www.doc.ic.ac.uk/~sgc/papers/browne\_ieee12.pdf},
  year={2012}
}


@book{gittins2011multi,
  title={Multi-armed bandit allocation indices},
  author={Gittins, John and Glazebrook, Kevin and Weber, Richard},
  year={2011},
  publisher={John Wiley \& Sons}
}

@article{kearns2002sparse,
  title={A sparse sampling algorithm for near-optimal planning in large Markov decision processes},
  author={Kearns, Michael and Mansour, Yishay and Ng, Andrew Y},
  journal={Machine Learning},
  volume={49},
  number={2-3},
  pages={193--208},
  year={2002},
  url = {https://www.cis.upenn.edu/~mkearns/papers/sparsesampling-journal.pdf},
  publisher={Springer}
}

@inproceedings{Kocsis2006,
   address = {Berlin, Germany},
   author = {Kocsis, Levente and Szepesv\'{a}ri, Csaba},
   booktitle = {Euro. Conf. Mach. Learn.},
   editor = {F\"{u}rnkranz, Johannes and Scheffer, Tobias and Spiliopoulou, Myra},
   pages = {282--293},
   publisher = {Springer},
   title = {{Bandit based Monte-Carlo Planning}},
   url = {http://www.springerlink.com/index/d232253353517276.pdf},
   year = {2006}
}

@inproceedings{Silvera,
   address = {Vancouver, Canada},
   author = {Silver, David and Veness, Joel},
   booktitle = {Proc. Neur. Inform. Process. Sys.},
   pages = {1--9},
   title = {{Monte-Carlo Planning in Large POMDPs}},
   URL = {http://www0.cs.ucl.ac.uk/staff/d.silver/web/Applications\_files/pomcp.pdf},
   year = {2010}
}

@article{katehakis1996finite,
  title={Finite state multi-armed bandit problems: Sensitive-discount, average-reward and average-overtaking optimality},
  author={Katehakis, Michael N and Rothblum, Uriel G and others},
  journal={The Annals of Applied Probability},
  volume={6},
  number={3},
  pages={1024--1034},
  year={1996},
  publisher={Institute of Mathematical Statistics}
}



@article{brezzi2002optimal,
  title={Optimal learning and experimentation in bandit problems},
  author={Brezzi, Monica and Lai, Tze Leung},
  journal={Journal of Economic Dynamics and Control},
  volume={27},
  number={1},
  pages={87--108},
  year={2002},
  publisher={Elsevier}
}

@article{nino20072,
  title={A (2/3) n 3 fast-pivoting algorithm for the Gittins index and optimal stopping of a Markov chain},
  author={Ni{\~n}o-Mora, Jos{\'e}},
  journal={INFORMS Journal on Computing},
  volume={19},
  number={4},
  pages={596--606},
  year={2007},
  publisher={INFORMS}
}

@article{krishnamurthy2009partially,
  title={Partially observed Markov decision process multiarmed bandits-structural results},
  author={Krishnamurthy, Vikram and Wahlberg, Bo},
  journal={Mathematics of Operations Research},
  volume={34},
  number={2},
  pages={287--302},
  year={2009},
  publisher={INFORMS}
}

@inproceedings{peters2007reinforcement,
  title={Reinforcement learning by reward-weighted regression for operational space control},
  author={Peters, Jan and Schaal, Stefan},
  booktitle={Proceedings of the 24th international conference on Machine learning},
  pages={745--750},
  year={2007},
  organization={ACM}
}

@article{glazebrook1982evaluation,
  title={On the evaluation of suboptimal strategies for families of alternative bandit processes},
  author={Glazebrook, KD},
  journal={Journal of Applied Probability},
  pages={716--722},
  year={1982},
  publisher={JSTOR}
}

@inproceedings{kaufmann2012bayesian,
  title={On Bayesian upper confidence bounds for bandit problems},
  author={Kaufmann, Emilie and Capp{\'e}, Olivier and Garivier, Aur{\'e}lien},
  booktitle={International Conference on Artificial Intelligence and Statistics},
  pages={592--600},
  year={2012}
}

@article{varaiya1985extensions,
  title={Extensions of the multiarmed bandit problem: the discounted case},
  author={Varaiya, Pravin P and Walrand, Jean and Buyukkoc, Cagatay},
  journal={Automatic Control, IEEE Transactions on},
  volume={30},
  number={5},
  pages={426--439},
  year={1985},
  publisher={IEEE}
}

@article{nino2011computing,
  title={Computing a classic index for finite-horizon bandits},
  author={Ni{\~n}o-Mora, Jos{\'e}},
  journal={INFORMS Journal on Computing},
  volume={23},
  number={2},
  pages={254--267},
  year={2011},
  publisher={INFORMS}
}

@incollection{yao2006some,
  title={Some results on the Gittins index for a normal reward process},
  author={Yao, Yi-Ching and others},
  booktitle={Time Series and Related Topics},
  pages={284--294},
  year={2006},
  publisher={Institute of Mathematical Statistics}
}

@techreport{Diankov_2008_6117,
   author = "Rosen Diankov and James Kuffner",
   title = "OpenRAVE: A Planning Architecture for Autonomous Robotics",
   booktitle = "",
   institution = "Robotics Institute",
   month = "July",
   year = "2008",
   number= "CMU-RI-TR-08-34",
   address= "Pittsburgh, PA",
} 

@inproceedings{yoon2007ff,
  title={FF-Replan: A Baseline for Probabilistic Planning.},
  author={Yoon, Sung Wook and Fern, Alan and Givan, Robert},
  booktitle={ICAPS},
  volume={7},
  pages={352--359},
  year={2007}
}

@inproceedings{levine2015learning,
   title={\href{http://rll.berkeley.edu/icra2015gps/robotgps.pdf}{Learning Contact-Rich Manipulation Skills with Guided Policy Search}},
   author={Sergey Levine and Nolan Wagoner and Pieter Abbeel},
   booktitle={IEEE Conference on Robotics and Automation},
   year={2015 (submitted)}
}

@inproceedings{lee2014unifying,
  title={Unifying Scene Registration and Trajectory Optimization for Learning from Demonstrations with Application to Manipulation of Deformable Objects},
  author={Lee, Alex X and Huang, Sandy H and Hadfield-Menell, Dylan and Tzeng, Eric and Abbeel, Pieter},
 booktitle={27th IEEE/RSJ International Conference on Intelligent Robots and Systems (IROS)},
 year = {2014}
}

@inproceedings{Schulmanetal_ISRR2013,
  title = {\href{http://www.cs.berkeley.edu/~pabbeel/papers/SchulmanHoLeeAbbeel_ISRR2013.pdf}{Learning from Demonstrations through the Use of Non-Rigid Registration}},
  author = {John Schulman and Jonathan Ho and Cameron Lee and Pieter Abbeel},
  booktitle = {Proceedings of the 16th International Symposium on Robotics Research (ISRR)},
  year =  2013
}

@inproceedings{Schulmanetal_IROS2013,
  title = {\href{http://www.cs.berkeley.edu/~pabbeel/papers/2013-IROS-suturing-final.pdf}{A Case Study of Trajectory Transfer Through Non-Rigid Registration for a Simplified Suturing Scenario}},
  author = {John Schulman and Ankush Gupta and Sibi Venkatesan and Mallory Tayson-Frederick and Pieter Abbeel},
  booktitle = {Proceedings of the 26th IEEE/RSJ International Conference on Intelligent Robots and Systems (IROS)},
  year =  2013
}

@inproceedings{Ratliff_Humanoids2007,
  author = {Nathan Ratliff and J. Andrew Bagnell and Siddhartha S. Srinivasa},
  title = {\href{http://www.ri.cmu.edu/pub_files/2007/11/53.pdf}{Imitation learning for locomotion and manipulation}},
  booktitle = {IEEE-RAS International Conference on Humanoid Robots},
  year = {2007}
}

@inproceedings{Ratliff_AISTATS2009,
  added-at = {2014-01-13T00:00:00.000+0100},
  author = {Ratliff, Nathan D. and Ziebart, Brian D. and Peterson, Kevin M. and Bagnell, J. Andrew and Hebert, Martial and Dey, Anind K. and Srinivasa, Siddhartha S.},
  biburl = {http://www.bibsonomy.org/bibtex/2b3c9e1b270cf57bb404c0e6c08199ff4/dblp},
  booktitle = {AISTATS},
  crossref = {conf/aistats/2009},
  editor = {Dyk, David A. Van and Welling, Max},
  ee = {http://www.jmlr.org/proceedings/papers/v5/ratliff09a.html},
  interhash = {b730fc14bfd767747be8e3cad13e8fd6},
  intrahash = {b3c9e1b270cf57bb404c0e6c08199ff4},
  keywords = {dblp},
  pages = {424-431},
  publisher = {JMLR.org},
  series = {JMLR Proceedings},
  timestamp = {2014-01-13T00:00:00.000+0100},
  title = {\href{http://www.cs.cmu.edu/~bziebart/publications/inverse-optimal-heuristic-control.pdf}{Inverse Optimal Heuristic Control for Imitation Learning.}},
  url = {http://dblp.uni-trier.de/db/journals/jmlr/jmlrp5.html#RatliffZPBHDS09},
  volume = 5,
  year = 2009
}

@article{Wakamatsu_IJRR2006,
  added-at = {2012-11-13T00:00:00.000+0100},
  author = {Wakamatsu, Hidefumi and Arai, Eiji and Hirai, Shinichi},
  journal = {The International Journal of Robotics Research},
  number = 4,
  pages = {371-395},
  title = {\href{http://ijr.sagepub.com/content/25/4/371}{Knotting/Unknotting Manipulation of Deformable Linear Objects.}},
  volume = 25,
  year = 2006
}

@incollection{Saha_ExpRobotics2008,
  year={2008},
  xxisbn={978-3-540-77456-3},
  booktitle={Experimental Robotics},
  volume={39},
  series={Springer Tracts in Advanced Robotics},
  editor={Khatib, Oussama and Kumar, Vijay and Rus, Daniela},
  xxdoi={10.1007/978-3-540-77457-0_3},
  title={\href{http://dx.doi.org/10.1007/978-3-540-77457-0_3}{Motion Planning for Robotic Manipulation of Deformable Linear Objects}},
  publisher={Springer Berlin Heidelberg},
  author={Saha, Mitul and Isto, Pekka and Latombe, Jean-Claude},
  pages={23-32}
}

@phdthesis{Bell_PhD2010,
 author = {Bell, Matthew},
 advisor = {Balkcom, Devin},
 title = {\href{http://www.cs.dartmouth.edu/~devin/papers/TR2010-663.pdf}{Flexible Object Manipulation}},
 school = {Dartmouth College},
 year = {2010},
 xxisbn = {978-1-109-70333-7},
 xxnote = {AAI3397916},
 publisher = {Dartmouth College},
 address = {Hanover, NH, USA},
} 

@inproceedings{Morita_ICRA2003,
  author = {Morita, Takuma and Takamatsu, Jun and Ogawara, Koichi and Kimura, Hiroshi and Ikeuchi, Katsushi},
  booktitle = {Proceedings of the International Conference on Robotics and Automation (ICRA)},
  pages = {3887-3892},
  publisher = {IEEE},
  title = {\href{http://ieeexplore.ieee.org/xpl/articleDetails.jsp?arnumber=1242193}{Knot planning from observation.}},
  year = 2003
}

@article{Takamatsu_TransRob2006,
 author = {Takamatsu, J. and Morita, T. and Ogawara, K. and Kimura, H. and Ikeuchi, K.},
 title = {\href{http://dx.doi.org/10.1109/TRO.2005.855988}{Representation for Knot-tying Tasks}},
 journal = {Trans. Rob.},
 issue_date = {November 2006},
 volume = {22},
 number = {1},
 month = nov,
 year = {2006},
 xxissn = {1552-3098},
 pages = {65--78},
 xxnumpages = {14},
 url = {http://dx.doi.org/10.1109/TRO.2005.855988},
 xxdoi = {10.1109/TRO.2005.855988},
 xxacmid = {2211844},
 publisher = {IEEE Press},
 address = {Piscataway, NJ, USA},
 xxkeywords = {Knot-tying task, Reidemeister moves, learning from observation (LFO), movement primitives, state representation (P-data)},
}

@inproceedings{Dvijotham_ICML2010,
  author = {Krishnamurthy Dvijotham and Emanuel Todorov},
  title = {\href{http://homes.cs.washington.edu/~todorov/papers/DvijothamICML10.pdf}{Inverse Optimal Control with Linearly-Solvable {MDP}s}},
  booktitle = {Proceedings of the 27th International Conference on Machine Learning (ICML)},
  year = 2010
}

@inproceedings{SchulmanLeeHoAbbeel_ICRA2013,
  title = {\href{http://www.cs.berkeley.edu/~pabbeel/papers/SchulmanLeeHoAbbeel_ICRA2013.pdf}{Tracking Deformable Objects with Point Clouds}}, 
  author = {John Schulman and Alex Lee and Jonathan Ho and Pieter Abbeel},
  booktitle = {Proceedings of the International Conference on Robotics and Automation (ICRA)},
  year = 2013
}

@inproceedings{Javdanietal_2011,
  title = {\href{http://www.cs.berkeley.edu/~pabbeel/papers/JavdaniTandonTangOBrienAbbeel_ICRA2011.pdf}{Modeling and Perception of Deformable One-Dimensional Objects}},
  author = {Shervin Javdani and Sameep Tandon and Jie Tang and James O'Brien and Pieter Abbeel},
  booktitle = {Proceedings of the International Conference on Robotics and Automation (ICRA)},
  year = 2011
}

@inproceedings{Haehnel03a,
  author        = {D. H\"{a}hnel and S. Thrun and W. Burgard},
  title         = {\href{http://www.cs.cmu.edu/~thrun/papers/papers/haehnel.ijcai-nonrigid.pdf}{An Extension of the {ICP} Algorithm for Modeling Nonrigid Objects with Mobile Robots}},
  year          = {2003},
  booktitle     = {Proceedings of the Sixteenth International Joint Conference on Artificial Intelligence (IJCAI)},
  organization  = {IJCAI},
  address       = {Acapulco, Mexico}
}

@inproceedings{hao2013_unentanglingropes,
  title={\href{http://www.cs.cornell.edu/~asaxena/papers/lui_saxena_ropeuntanglergbd_iros2013.pdf}{Tangled: Learning to Untangle Ropes with RGB-D Perception}},
  author={Wen H Lui and Ashutosh Saxena},
  year={2013},
  booktitle={IROS}
}

@inproceedings{Pomerleau_NIPS1989,
  author = {Dean Pomerleau},
  editor = {D.S. Touretzky},
  title = {\href{http://papers.nips.cc/paper/95-alvinn-an-autonomous-land-vehicle-in-a-neural-network.pdf}{ALVINN: An Autonomous Land Vehicle In a Neural Network}},
  booktitle = {Advances in Neural Information Processing Systems},
  publisher = {Morgan Kaufmann},
  year = {1989},
}

@inproceedings{muller2005off,
  title={\href{https://papers.nips.cc/paper/2847-off-road-obstacle-avoidance-through-end-to-end-learning.pdf}{Off-road obstacle avoidance through end-to-end learning}},
  author={Muller, Urs and Ben, Jan and Cosatto, Eric and Flepp, Beat and LeCun, Yann},
  booktitle={Advances in Neural Information Processing Systems},
  pages={739--746},
  year={2005}
}

@article{Miyamoto_1996,
 author = {Miyamoto, Hiroyuki and Schaal, Stefan and Gandolfo, Francesca and Gomi, Hiroaki and Koike, Yasuharu and Osu, Rieko and Nakano, Eri and Wada, Yasuhiro and Kawato, Mitsuo},
 title = {A {Kendama} Learning Robot Based on Bi-directional Theory},
 journal = {Neural Networks},
 issue_date = {Nov. 1996},
 volume = {9},
 number = {8},
 month = nov,
 year = {1996},
 issn = {0893-6080},
 pages = {1281--1302},
 numpages = {22},
 acmid = {246679},
 publisher = {Elsevier Science Ltd.},
 address = {Oxford, UK, UK},
}

@article{Miyamoto_1998,
  author = {Miyamoto, Hiroyuki and Kawato, Mitsuo},
  description = {dblp},
  journal = {Neural Networks},
  number = {7-8},
  pages = {1331-1344},
  title = {\href{http://www.cns.atr.jp/~kawato/Ppdf/1213.pdf}{A tennis serve and upswing learning robot based on bi-directional theory.}},
  volume = 11,
  year = 1998
}

@article{Argall_2009,
 author = {Argall, Brenna D. and Chernova, Sonia and Veloso, Manuela and Browning, Brett},
 title = {\href{http://www.cs.cmu.edu/~mmv/papers/09ras-survey.pdf}{A Survey of Robot Learning from Demonstration}},
 journal = {Robot. Auton. Syst.},
 issue_date = {May, 2009},
 volume = {57},
 number = {5},
 month = may,
 year = {2009},
 issn = {0921-8890},
 pages = {469--483},
 numpages = {15},
 acmid = {1524008},
 publisher = {North-Holland Publishing Co.},
 address = {Amsterdam, The Netherlands, The Netherlands},
 keywords = {Autonomous systems, Learning from demonstration, Machine learning, Robotics},
}

@article{Schaal_1999,
  title={Is imitation learning the route to humanoid robots?},
  author={Schaal, Stefan},
  journal={Trends in cognitive sciences},
  volume={3},
  number={6},
  pages={233--242},
  year={1999},
  publisher={Elsevier}
}

@inproceedings{Ross_2013,
   author = "St\'ephane Ross and Narek Melik-Barkhudarov and Kumar Shaurya Shankar and Andreas Wendel and Debadeepta Dey and J. Andrew (Drew) Bagnell and Martial Hebert",
   title = "\href{http://www.ri.cmu.edu/pub_files/2013/3/icra_camera_ready.pdf}{Learning Monocular Reactive UAV Control in Cluttered Natural Environments}",
   booktitle = "IEEE International Conference on Robotics and Automation",
   publisher = "IEEE",
   month = "March",
   year = "2013",
}



@INPROCEEDINGS{Isaac_ICML2003,
    author = {Andrew Isaac and Claude Sammut},
    title = {\href{http://machinelearning.wustl.edu/mlpapers/paper_files/icml2003_IsaacS03.pdf}{Goal-directed learning to fly}},
    booktitle = {In Proceedings of the Twentieth International Conference on Machine Learning (ICML)},
    year = {2003},
    pages = {258--265},
    publisher = {AAAI Press}
}

@inproceedings{konidaris2010constructing,
  title={\href{http://machinelearning.wustl.edu/mlpapers/paper_files/NIPS2010_1039.pdf}{Constructing skill trees for reinforcement learning agents from demonstration trajectories}},
  author={Konidaris, George and Kuindersma, Scott and Grupen, Roderic and Barreto, Andre S},
  booktitle={Advances in neural information processing systems},
  pages={1162--1170},
  year={2010}
}

@article{sutton1999between,
  title={\href{http://www-anw.cs.umass.edu/~barto/courses/cs687/Sutton-Precup-Singh-AIJ99.pdf}{Between MDPs and semi-MDPs: A framework for temporal abstraction in reinforcement learning}},
  author={Sutton, Richard S and Precup, Doina and Singh, Satinder},
  journal={Artificial intelligence},
  volume={112},
  number={1},
  pages={181--211},
  year={1999},
  publisher={Elsevier}
}

@INPROCEEDINGS{Neumann09learningcomplex,
    author = {Gerhard Neumann and Wolfgang Maass},
    title = {\href{http://citeseerx.ist.psu.edu/viewdoc/download?doi=10.1.1.149.7267&rep=rep1&type=pdf}{Learning complex motions by sequencing simpler motion templates}},
    booktitle = {In Proceedings of the 26th International Conference on Machine Learning},
    year = {2009}
}

@article{schweitzer1985generalized,
  title={\href{http://www.simon.rochester.edu/fac/seidmannav/Articles/Generalized%20Peolnomial%20Approximations%20in%20Markovian%20Decision%20Process%20(JMAA%20pub).pdf}{Generalized polynomial approximations in Markovian decision processes}},
  author={Schweitzer, Paul J and Seidmann, Abraham},
  journal={Journal of mathematical analysis and applications},
  volume={110},
  number={2},
  pages={568--582},
  year={1985},
  publisher={Elsevier}
}

@book{puterman1994,
 author = {Puterman, Martin L.},
 title = {Markov Decision Processes: Discrete Stochastic Dynamic Programming},
 year = {1994},
 isbn = {0471619779},
 edition = {1st},
 publisher = {John Wiley \& Sons, Inc.},
 address = {New York, NY, USA},
} 

@incollection{Wada_ArticMotion2000,
year={2000},
xxisbn={978-3-540-67912-7},
booktitle={Articulated Motion and Deformable Objects},
volume={1899},
series={Lecture Notes in Computer Science},
editor={Nagel, Hans-Hellmut and Perales López, FranciscoJ.},
xxdoi={10.1007/10722604_1},
title={\href{http://link.springer.com/chapter/10.1007%2F10722604_1}{Robust Manipulation of Deformable Objects Using Model Based Technique}},
xxurl={http://dx.doi.org/10.1007/10722604_1},
publisher={Springer Berlin Heidelberg},
author={Wada, T. and Hirai, S. and Mori, H. and Kawamura, S.},
pages={1-14}
}

@article{Howard_AutRobots2000,
year={2000},
xxissn={0929-5593},
journal={Autonomous Robots},
volume={10},
number={1},
xxdoi={10.1023/A:1008924218273},
title={\href{http://dx.doi.org/10.1023/A%3A1008924218273}{Intelligent Learning for Deformable Object Manipulation}},
xxurl={http://dx.doi.org/10.1023/A%3A1008924218273},
publisher={Kluwer Academic Publishers},
xxkeywords={deformable object manipulation; learning; iterative lifting},
author={Howard, Ayanna M. and Bekey, George A.},
pages={51-58},
xxlanguage={English}
}

@article{Lamiraux_IJRR2001,
    author = {Florent Lamiraux and Lydia E. Kavraki},
    title = {\href{http://ieeexplore.ieee.org/xpls/abs_all.jsp?arnumber=769951}{Planning Paths for Elastic Objects Under Manipulation Constraints}},
    journal = {International Journal of Robotics Research},
    year = {2001},
    volume = {20},
    pages = {188--208}
}

@article{Moll_IEEERobot2006,
    author = {Mark Moll and Lydia E. Kavraki},
    title = {\href{http://ieeexplore.ieee.org/xpls/abs_all.jsp?arnumber=1668249&tag=1}{Path planning for deformable linear objects}},
    journal = {IEEE Transactions on Robotics},
    year = {2006},
    volume = {22},
    pages = {625--636}
}

@INPROCEEDINGS{Matsuno_RSJ2006,
author={Matsuno, T. and Fukuda, T.},
booktitle={Intelligent Robots and Systems, 2006 IEEE/RSJ International Conference on},
title={Manipulation of Flexible Rope Using Topological Model Based on Sensor Information},
year={2006},
month={Oct},
pages={2638-2643},
xxdoi={10.1109/IROS.2006.281944}
}

@misc{Bullet_Physics,
author = {Coumans, Erwin},
title = {\href{http://code.google.com/p/bullet/}{Bullet Physics}},
month = {Jan},
year = {2014},
url = {http://code.google.com/p/bullet/}
}

@article{Chui_CVIU2003,
  author    = {Haili Chui and
               Anand Rangarajan},
  title     = {\href{http://dx.doi.org/10.1016/S1077-3142(03)00009-2}{A new point matching algorithm for non-rigid registration}},
  journal   = {Computer Vision and Image Understanding},
  volume    = {89},
  number    = {2-3},
  year      = {2003},
  pages     = {114-141},
  xxee        = {http://dx.doi.org/10.1016/S1077-3142(03)00009-2},
  xxbibsource = {DBLP, http://dblp.uni-trier.de}
}

@book{Wahba_TPS1990,
  xxadded-at = {2014-01-09T16:23:34.000+0100},
  address = {Philadelphia},
  author = {Wahba, G.},
  xxbiburl = {http://www.bibsonomy.org/bibtex/29c97db2adca4042ad8db84e8383b8683/roman.minguez},
  xxinterhash = {b825e54a66290cf7ad886c8939d3205d},
  xxintrahash = {9c97db2adca4042ad8db84e8383b8683},
  keywords = {imported},
  xxowner = {Dae-Jin Lee},
  publisher = {Society for Industrial and Applied Mathematics},
  xxtimestamp = {2014-01-09T16:23:34.000+0100},
  title = {Spline Models for Observational Data},
  year = 1990
}

@INPROCEEDINGS{Carr_SIGGRAPH2001,
    author = {J. C. Carr and R. K. Beatson and J. B. Cherrie and T. J. Mitchell and W. R. Fright and B. C. McCallum and T. R. Evans},
    title = {\href{http://window.stanford.edu/courses/cs468-03-fall/Papers/carr-beatson-etal-siggraph01.pdf}{Reconstruction and Representation of 3D Objects with Radial Basis Functions}},
    booktitle = {Computer Graphics (SIGGRAPH ’01 Conf. Proc.), pages 67–76. ACM SIGGRAPH},
    year = {2001},
    pages = {67--76},
    publisher = {Springer}
}

@inproceedings{Ratliff_ICML06,
 author = {Ratliff, Nathan D. and Bagnell, J. Andrew and Zinkevich, Martin A.},
 title = {\href{http://webdocs.cs.ualberta.ca/~maz/publications/maximummarginplanning.pdf}{Maximum Margin Planning}},
 booktitle = {Proceedings of the 23rd International Conference on Machine Learning},
 series = {ICML '06},
 year = {2006},
 xxisbn = {1-59593-383-2},
 xxlocation = {Pittsburgh, Pennsylvania},
 pages = {729--736},
 xxnumpages = {8},
 xxurl = {http://doi.acm.org/10.1145/1143844.1143936},
 xxdoi = {10.1145/1143844.1143936},
 xxacmid = {1143936},
 publisher = {ACM},
 address = {New York, NY, USA},
}

@ARTICLE{Sakoe_IEEE1978,
    author = {Hiroaki Sakoe},
    title = {\href{http://www.irit.fr/page-perso/Julien.Pinquier/Docs/TP_MABS/res/dtw-sakoe-chiba78.pdf}{Dynamic programming algorithm optimization for spoken word recognition}},
    journal = {IEEE Transactions on Acoustics, Speech, and Signal Processing},
    year = {1978},
    volume = {26},
    pages = {43--49}
}

@article{Vakanski_2012,
  xxadded-at = {2012-09-13T00:00:00.000+0200},
  author = {Vakanski, Aleksandar and Mantegh, Iraj and Irish, Andrew and Janabi-Sharifi, Farrokh},
  xxbiburl = {http://www.bibsonomy.org/bibtex/27aa9b76044116cd0f598a25c26bd126e/dblp},
  xxee = {http://dx.doi.org/10.1109/TSMCB.2012.2185694},
  xxinterhash = {1e8a17d804ac2fed6b42b33707a694f7},
  xxintrahash = {7aa9b76044116cd0f598a25c26bd126e},
  journal = {IEEE Transactions on Systems, Man, and Cybernetics, Part B},
  xxkeywords = {dblp},
  number = 4,
  pages = {1039-1052},
  xxtimestamp = {2012-09-13T00:00:00.000+0200},
  title = {\href{http://ieeexplore.ieee.org/xpl/articleDetails.jsp?arnumber=6166903}{Trajectory Learning for Robot Programming by Demonstration Using Hidden Markov Model and Dynamic Time Warping.}},
  xxurl = {http://dblp.uni-trier.de/db/journals/tsmc/tsmcb42.html#VakanskiMIJ12},
  volume = 42,
  year = 2012
}

@ARTICLE{Calinon_SMC2007,
author={Calinon, S. and Guenter, F. and Billard, A.},
journal={Systems, Man, and Cybernetics, Part B: Cybernetics, IEEE Transactions on},
title={\href{http://ieeexplore.ieee.org/xpls/abs_all.jsp?arnumber=4126276&tag=1}{On Learning, Representing, and Generalizing a Task in a Humanoid Robot}},
year={2007},
month={April},
volume={37},
number={2},
pages={286-298},
xxdoi={10.1109/TSMCB.2006.886952},
xxISSN={1083-4419}
}

@INPROCEEDINGS{Calinon_HUM2009,
author={Calinon, S. and D'halluin, F. and Caldwell, D.G. and Billard, A.G.},
booktitle={Humanoid Robots, 2009. Humanoids 2009. 9th IEEE-RAS International Conference on},
title={\href{http://ieeexplore.ieee.org/xpls/abs_all.jsp?arnumber=5379592}{Handling of multiple constraints and motion alternatives in a robot programming by demonstration framework}},
year={2009},
month={Dec},
pages={582-588},
xxdoi={10.1109/ICHR.2009.5379592}
}

@ARTICLE{Stulp_ROB2012,
author={Stulp, F. and Theodorou, E.A. and Schaal, S.},
journal={Robotics, IEEE Transactions on},
title={\href{http://ieeexplore.ieee.org/xpl/articleDetails.jsp?arnumber=6295672}{Reinforcement Learning With Sequences of Motion Primitives for Robust Manipulation}},
year={2012},
month={Dec},
volume={28},
number={6},
pages={1360-1370},
xxdoi={10.1109/TRO.2012.2210294},
xxISSN={1552-3098}
}

@inproceedings{smith2004heuristic,
  title={Heuristic search value iteration for POMDPs},
  author={Smith, Trey and Simmons, Reid},
  booktitle={Proceedings of the 20th conference on Uncertainty in artificial intelligence},
  pages={520--527},
  year={2004},
  organization={AUAI Press}
}


@phdthesis{nash1973optimal,
  title={Optimal allocation of Resources Between Research Projects.},
  author={Nash, Peter},
  year={1973},
  school={University of Cambridge}
}

@article{brown2013optimal,
  title={Optimal sequential exploration: Bandits, clairvoyants, and wildcats},
  author={Brown, David B and Smith, James E},
  journal={Operations Research},
  volume={61},
  number={3},
  pages={644--665},
  year={2013},
  publisher={INFORMS}
}

@article{glazebrook1982sufficient,
  title={On a sufficient condition for superprocesses due to Whittle},
  author={Glazebrook, KD},
  journal={Journal of Applied Probability},
  pages={99--110},
  year={1982},
  publisher={JSTOR}
}


@article{glazebrook1993indices,
  title={Indices for families of competing Markov decision processes with influence},
  author={Glazebrook, KD},
  journal={The Annals of Applied Probability},
  pages={1013--1032},
  year={1993},
  publisher={JSTOR}
}

@article{rivest1987game,
  title={Game tree searching by min/max approximation},
  author={Rivest, Ronald L},
  journal={Artificial Intelligence},
  volume={34},
  number={1},
  pages={77--96},
  year={1987},
  publisher={Elsevier}
}

@inproceedings{meuleau1998solving,
  title={Solving very large weakly coupled Markov decision processes},
  author={Meuleau, Nicolas and Hauskrecht, Milos and Kim, Kee-Eung and Peshkin, Leonid and Kaelbling, Leslie Pack and Dean, Thomas L and Boutilier, Craig},
  booktitle={AAAI/IAAI},
  pages={165--172},
  year={1998}
}

@article{singh1998dynamically,
  title={How to dynamically merge Markov decision processes},
  author={Singh, Satinder and Cohn, David and others},
  journal={Advances in neural information processing systems},
  number={10},
  pages={1057--1063},
  year={1998},
  publisher={Citeseer}
}

@inproceedings{hoey1999spudd,
  title={SPUDD: Stochastic planning using decision diagrams},
  author={Hoey, Jesse and St-Aubin, Robert and Hu, Alan and Boutilier, Craig},
  booktitle={Proceedings of the Fifteenth conference on Uncertainty in artificial intelligence},
  pages={279--288},
  year={1999},
  organization={Morgan Kaufmann Publishers Inc.}
}


@article{guestrin2003efficient,
  title={Efficient solution algorithms for factored MDPs},
  author={Guestrin, Carlos and Koller, Daphne and Parr, Ronald and Venkataraman, Shobha},
  journal={J. Artif. Intell. Res.(JAIR)},
  volume={19},
  pages={399--468},
  year={2003}
}

@article{sethuraman2007stochastic,
  title={Stochastic search in a forest revisited},
  author={Sethuraman, Jay and Tsitsiklis, John N},
  journal={Mathematics of Operations Research},
  volume={32},
  number={3},
  pages={589--593},
  year={2007},
  publisher={INFORMS}
}

@book{puterman2009markov,
  title={Markov decision processes: discrete stochastic dynamic programming},
  author={Puterman, Martin L},
  volume={414},
  year={2009},
  publisher={John Wiley \& Sons}
}


@article{bertsimas1996conservation,
  title={Conservation laws, extended polymatroids and multiarmed bandit problems; a polyhedral approach to indexable systems},
  author={Bertsimas, Dimitris and Ni{\~n}o-Mora, Jos{\'e}},
  journal={Mathematics of Operations Research},
  volume={21},
  number={2},
  pages={257--306},
  year={1996},
  publisher={INFORMS}
}

@book{conway2000numbers,
  title={On numbers and games},
  author={Conway, John H},
  year={2000},
  publisher={CRC Press}
}


@article{whittle1980multi,
  title={Multi-armed bandits and the Gittins index},
  author={Whittle, Peter},
  journal={Journal of the Royal Statistical Society. Series B (Methodological)},
  pages={143--149},
  year={1980},
  publisher={JSTOR}
}

@inproceedings{li2011unbiased,
  title={Unbiased offline evaluation of contextual-bandit-based news article recommendation algorithms},
  author={Li, Lihong and Chu, Wei and Langford, John and Wang, Xuanhui},
  booktitle={Proceedings of the fourth ACM international conference on Web search and data mining},
  pages={297--306},
  year={2011},
  organization={ACM}
}

@inproceedings{chapelle2011empirical,
  title={An empirical evaluation of thompson sampling},
  author={Chapelle, Olivier and Li, Lihong},
  booktitle={Advances in neural information processing systems},
  pages={2249--2257},
  year={2011}
}

@inproceedings{kaufmann2012thompson,
  title={Thompson sampling: An asymptotically optimal finite-time analysis},
  author={Kaufmann, Emilie and Korda, Nathaniel and Munos, R{\'e}mi},
  booktitle={Algorithmic Learning Theory},
  pages={199--213},
  year={2012},
  organization={Springer}
}


@article{tsitsiklis1994short,
  title={A short proof of the Gittins index theorem},
  author={Tsitsiklis, John N and others},
  journal={The Annals of Applied Probability},
  volume={4},
  number={1},
  pages={194--199},
  year={1994},
  publisher={Institute of Mathematical Statistics}
}

@article{rusmevichientong2010linearly,
  title={Linearly parameterized bandits},
  author={Rusmevichientong, Paat and Tsitsiklis, John N},
  journal={Mathematics of Operations Research},
  volume={35},
  number={2},
  pages={395--411},
  year={2010},
  publisher={INFORMS}
}

@article{thompson1933likelihood,
  title={On the likelihood that one unknown probability exceeds another in view of the evidence of two samples},
  author={Thompson, William R},
  journal={Biometrika},
  pages={285--294},
  year={1933},
  publisher={JSTOR}
}

@article{guez2013scalable,
  title={Scalable and efficient Bayes-adaptive reinforcement learning based on Monte-Carlo tree search},
  author={Guez, Arthur and Silver, David and Dayan, Peter},
  journal={Journal of Artificial Intelligence Research},
  pages={841--883},
  year={2013}
}

@article{gittins1979bandit,
  title={Bandit processes and dynamic allocation indices},
  author={Gittins, John C},
  journal={Journal of the Royal Statistical Society. Series B (Methodological)},
  pages={148--177},
  year={1979},
  publisher={JSTOR}
}

@incollection{robbins1952some,
  title={Some aspects of the sequential design of experiments},
  author={Robbins, Herbert},
  booktitle={Herbert Robbins Selected Papers},
  pages={169--177},
  year={1952},
  publisher={Springer}
}

@article{lai1985asymptotically,
  title={Asymptotically efficient adaptive allocation rules},
  author={Lai, Tze Leung and Robbins, Herbert},
  journal={Advances in applied mathematics},
  volume={6},
  number={1},
  pages={4--22},
  year={1985},
  publisher={Elsevier}
}

%% TAMP
@article{srivastava2014combined,
  title={Combined Task and Motion Planning Through an Extensible Planner-Independent Interface Layer},
  author={Srivastava, Siddharth and Fang, Eugene and Riano, Lorenzo and Chitnis, Rohan and Russell, Stuart and Abbeel, Pieter},
  journal={IEEE Conference on Robotics and Automation},
  year={2014}
}

@incollection{dornhege2012semantic,
  title={Semantic attachments for domain-independent planning systems},
  author={Dornhege, Christian and Eyerich, Patrick and Keller, Thomas and Tr{\"u}g, Sebastian and Brenner, Michael and Nebel, Bernhard},
  booktitle={Towards Service Robots for Everyday Environments},
  pages={99--115},
  year={2012},
  publisher={Springer}
}

@inproceedings{kaelbling2011hierarchical,
  title={Hierarchical task and motion planning in the now},
  author={Kaelbling, Leslie Pack and Lozano-P{\'e}rez, Tom{\'a}s},
  booktitle={Robotics and Automation (ICRA), 2011 IEEE International Conference on},
  pages={1470--1477},
  year={2011},
  organization={IEEE}
}

@incollection{gravot2005asymov,
  title={aSyMov: a planner that deals with intricate symbolic and geometric problems},
  author={Gravot, Fabien and Cambon, Stephane and Alami, Rachid},
  booktitle={Robotics Research},
  pages={100--110},
  year={2005},
  publisher={Springer}
}

@inproceedings{lozano2014constraint,
  title={A constraint-based method for solving sequential manipulation planning problems},
  author={Lozano-P{\'e}rez, Tom{\'a}s and Kaelbling, Leslie Pack},
  booktitle={IEEE Conference on Intelligent Robots and Systems},
  year={2014}
}
%%trajcetory optimization (in belief space)
@inproceedings{schulman2013finding,
  title={Finding Locally Optimal, Collision-Free Trajectories with Sequential Convex Optimization.},
  author={Schulman, John and Ho, Jonathan and Lee, Alex and Awwal, Ibrahim and Bradlow, Henry and Abbeel, Pieter},
  booktitle={Robotics: Science and Systems},
  volume={9},
  number={1},
  pages={1--10},
  year={2013},
  organization={Citeseer}
}

@inproceedings{platt2010belief,
  title={Belief space planning assuming maximum likelihood observations},
  author={Platt Jr, Robert and Tedrake, Russ and Kaelbling, Leslie and Lozano-Perez, Tomas},
  year={2010},
  booktitle={Robotics: Science and Systems (RSS)}
}

@inproceedings{lee2013sigma,
  title={Sigma hulls for gaussian belief space planning for imprecise articulated robots amid obstacles},
  author={Lee, Alex and Duan, Yan and Patil, Sachin and Schulman, John and McCarthy, Zoe and van den Berg, Jur and Goldberg, Ken and Abbeel, Pieter},
  booktitle={Intelligent Robots and Systems (IROS), 2013 IEEE/RSJ International Conference on},
  pages={5660--5667},
  year={2013},
  organization={IEEE}
}

@inproceedings{patil2012estimating,
  title={Estimating probability of collision for safe motion planning under Gaussian motion and sensing uncertainty},
  author={Patil, Sachin and van den Berg, Jur and Alterovitz, Ron},
  booktitle={Robotics and Automation (ICRA), 2012 IEEE International Conference on},
  pages={3238--3244},
  year={2012},
  organization={IEEE}
}

@inproceedings{patil2014scaling,
  title={Scaling up Gaussian Belief Space Planning through Covariance-Free Trajectory Optimization and Automatic Differentiation},
  author={Patil, Sachin and Kahn, Gregory and Laskey, Michael and Schulman, John and Goldberg, Ken and Abbeel, Pieter},
  booktitle={Workshop on the Algorithmic Foundations of Robotics (Wafr)},
  year={2014}
}

%% Knowledge BSP
@article{kaelbling2013integrated,
  title={Integrated task and motion planning in belief space},
  author={Kaelbling, Leslie Pack and Lozano-P{\'e}rez, Tom{\'a}s},
  journal={The International Journal of Robotics Research},
  pages={0278364913484072},
  year={2013},
  publisher={Sage Publications}
}

@inproceedings{bonet2011planning,
  title={Planning under partial observability by classical replanning: Theory and experiments},
  author={Bonet, Blai and Geffner, Hector},
  booktitle={IJCAI Proceedings-International Joint Conference on Artificial Intelligence},
  volume={22},
  number={3},
  pages={1936},
  year={2011}
}

@book{mccarthy1968some,
  title={Some philosophical problems from the standpoint of artificial intelligence},
  author={McCarthy, John and Hayes, Patrick},
  year={1968},
  publisher={Stanford University USA}
}

@techreport{moore1984formal,
  title={A formal theory of knowledge and action},
  author={Moore, Robert C},
  year={1984},
  institution={DTIC Document}
}

%%% abstraction
@article{Sacerdoti,
title = "Planning in a hierarchy of abstraction spaces",
journal = "Artificial Intelligence",
volume = "5",
number = "2",
pages = "115 - 135",
year = "1974",
author = "Earl D. Sacerdoti"
}

@article{Knoblock,
title = "Automatically generating abstractions for planning",
journal = "Artificial Intelligence",
volume = "68",
number = "2",
pages = "243 - 302",
year = "1994",
author = "Craig A Knoblock"
}

@article{Smith,
author = {David E. Smith and Mark A. Poet},
title = "A Critical Look at {Knoblock's} Hierarchy Mechanism",
year = "1992"
}

@article{Bacchus,
title = "Downward refinement and the efficiency of hierarchical problem solving",
journal = "Artificial Intelligence",
volume = "71",
number = "1",
pages = "43 - 100",
year = "1994",
author = "Fahiem Bacchus and Qiang Yang"
}
%%% classical planning
@article{Hoffman,
title = "Ordered Landmarks in Planning",
journal = "Journal of Artificial Intelligence Research",
volume = "22",
pages = "215-278",
year = "2004",
author = "Jorg Hoffman and Julie Porteous and Laura Sebastia"
}

@article{Bakstrom,
title = "Computation Aspects or Reordering Plans",
journal = "Journal of Artificial Intelligence Research",
volume = "9",
pages = "99-137",
year = "1998",
author = "{Christer B\"akstr\"om}"
}

@article{Helmerte,
title = "Landmarks, Critical Paths and Abstractions: What’s the Difference Anyway?",
journal = "Proceedings of the Nineteenth International Conference on Automated Planning and Scheduling",
author = "Malte Helmert and Carmel Domshlak",
year = "2009"
}

@article{Domshlak,
title = "When Abstractions met Landmarks",
journal = "International Conference on Automated Planning and Scheduling",
author = "Carmel Domshlak and Michael Katz and Sagi Lefler",
year = "2010"
}

@article{Korf,
title = "Planning as search: A quantitative approach",
journal = "Artificial Intelligence",
volume = "33",
number = "1",
pages = "65 - 88",
year = "1987",
note = "",
issn = "0004-3702",
doi = "10.1016/0004-3702(87)90051-8",
url = "http://www.sciencedirect.com/science/article/pii/0004370287900518",
author = "Richard E. Korf"
}

@article{Bylander,
title = "The computational complexity of propositional STRIPS planning",
journal = "Artificial Intelligence",
volume = "69",
pages = "165 - 204",
year = "1994",
note = "",
issn = "0004-3702",
doi = "10.1016/0004-3702(94)90081-7",
url = "http://www.sciencedirect.com/science/article/pii/0004370294900817",
author = "Tom Bylander"
}

@article{Richter,
title = "The {LAMA} Planner: Guiding Cost-Based Anytime Planning with Landmarks",
journal = "Journal of Artificial Intelligence Research",
volume = "39",
pages = "127-177",
year = "2010",
author = "Silvia Richter and Matthias Westphal"
}



@inproceedings{Kambhampati,
author = "Subbarao Kamhampati and Mark R. Cutkosky and Marty Tenenbaum and Soo Hong Lee",
title = {Combining Specialized Reasoners and General Purpose Planners: A Case Study},
booktitle = "Proceedings of the AAAI Conference on Artificial Intelligence",
pages = "199-205",
year = 1991
}
@article{STRIPS,
author = "Richard E. Fikes and Nils J. Nilsson",
title = "{STRIPS}: A New Approach to the Application of Theorem Proving to Problem Solving",
journal = "Artificial Intelligence",
issue = "2",
pages = "189-208",
year = "1971"
}
@article{FF,
author = "{J\"org Hoffman}",
title = "{FF}: The Fast-Forward Planning System",
journal = "AI Magazine",
volume = "22",
pages = "57-62",
year = "2001"
}
@inproceedings{StilmanKuffner,
author = "Mike Stilman and James J. Kuffner",
title = "Planning Among Movable Obstacles with Artificial Constraints",
booktitle = "Proceedings of WAFR 2006",
year = "2006"
}

@inproceedings{AmirEngelhardt,
author = "Eyal Amir and Barbara Engelhardt",
title = "Factored Planning",
booktitle = "Proceeding of IJCAI 2003",
pages = "929-935",
year = "2003"
}
@inproceedings{marthi2008angelic,
author = "Bhaskara Marthi and Stuart Russell and Jason Wolfe",
title = "Angelic Hierarchical Planning: Optimal and Online Algorithms",
booktitle = "Proceedings of ICAPS 2008",
year = "2008"
}

@inproceedings{bertsekas1995neuro,
  title={Neuro-dynamic programming: an overview},
  author={Bertsekas, Dimitri P and Tsitsiklis, John N},
  booktitle={Decision and Control, 1995., Proceedings of the 34th IEEE Conference on},
  volume={1},
  pages={560--564},
  year={1995},
  organization={IEEE}
}

@inproceedings{DBLP:conf/rss/DeisenrothRF11,
  author    = {Marc Peter Deisenroth and
               Carl Edward Rasmussen and
               Dieter Fox},
  title     = {Learning to Control a Low-Cost Manipulator using Data-Efficient Reinforcement
               Learning},
  booktitle = {Robotics: Science and Systems VII, University of Southern California,
               Los Angeles, CA, USA, June 27-30, 2011},
  year      = {2011},
  crossref  = {DBLP:conf/rss/2011},
  url       = {http://www.roboticsproceedings.org/rss07/p08.html},
  timestamp = {Thu, 02 Oct 2014 08:12:46 +0200},
  biburl    = {http://dblp.uni-trier.de/rec/bib/conf/rss/DeisenrothRF11},
  bibsource = {dblp computer science bibliography, http://dblp.org}
}


@inproceedings{ng2000algorithms,
  title={Algorithms for inverse reinforcement learning.},
  author={Ng, Andrew Y and Russell, Stuart J and others},
  booktitle={Icml},
  pages={663--670},
  year={2000}
}

@inproceedings{abbeel2004apprenticeship,
  title={Apprenticeship learning via inverse reinforcement learning},
  author={Abbeel, Pieter and Ng, Andrew Y},
  booktitle={Proceedings of the twenty-first international conference on Machine learning},
  pages={1},
  year={2004},
  organization={ACM}
}

@inproceedings{nebel13aaaiirs,
   author = {Bernhard Nebel and Christian Dornhege and Andreas Hertle},
   title = {How Much Does a Household Robot Need To Know In Order To Tidy Up Your Home?},
   booktitle = {AAAI Workshop on Intelligent Robotic Systems},
   month = July,
   year = {2013},
   url =
    {http://www.informatik.uni-freiburg.de/~ki/papers/nebel-etal-aaai13irs.pdf}
}


@inproceedings{gaschler2013robot,
  title={Robot task planning with contingencies for run-time sensing},
  author={Gaschler, Andre and Petrick, Ronald PA and Kr{\"o}ger, Torsten and Knoll, Alois and Khatib, Oussama},
  booktitle={IEEE Intl Conf on Robotics and Automation (ICRA) Workshop on Combining Task and Motion Planning},
  year={2013}
}

@inproceedings{petrick2002knowledge,
  title={A Knowledge-Based Approach to Planning with Incomplete Information and Sensing.},
  author={Petrick, Ronald PA and Bacchus, Fahiem},
  booktitle={AIPS},
  pages={212--222},
  year={2002}
}

@inproceedings{gaschler2013kvp,
  title={KVP: A knowledge of volumes approach to robot task planning},
  author={Gaschler, Andre and Petrick, Ronald and Giuliani, Manuel and Rickert, Markus and Knoll, Alois},
  booktitle={Intelligent Robots and Systems (IROS), 2013 IEEE/RSJ International Conference on},
  pages={202--208},
  year={2013},
  organization={IEEE}
}

@article{levihn2013foresight,
  title={Foresight and reconsideration in hierarchical planning and execution},
  author={Levihn, Martin and Kaelbling, Leslie Pack and Lozano-Perez, Tomas and Stilman, Mike},
  year={2013},
  publisher={Institute of Electrical and Electronics Engineers (IEEE)}
}


@article{van2012motion,
  title={Motion planning under uncertainty using iterative local optimization in belief space},
  author={Van Den Berg, Jur and Patil, Sachin and Alterovitz, Ron},
  journal={The International Journal of Robotics Research},
  volume={31},
  number={11},
  pages={1263--1278},
  year={2012},
  publisher={SAGE Publications}
}

@article{srivastava2014first,
  title={First-Order Open-Universe POMDPs},
  author={Srivastava, Siddharth and Russell, Stuart and Ruan, Paul and Cheng, Xiang},
  journal={Proc. UAI-14},
  year={2014}
}

@article{havur2014geometric,
  title={Geometric Rearrangement of Multiple Movable Objects on Cluttered Surfaces: A Hybrid Reasoning Approach},
  author={Giray Havur and Guchan Ozbilgin and Esra Erdem and Volkan Patoglu},
  booktitle = {Proceedings of the International Conference on Robotics and Automation (ICRA)},
  year = {2014}
}

@article{lagriffoul2014orientation,
  title={Efficiently combining task and motion planning using geometric constraints},
  author={Fabien Lagriffoul and Dimitar Dimitrov and Julien Bidot and Alessandro Saffiotti and Lars Karlsson},
  booktitle = {Proceedings of the International Conference on Robotics and Automation (ICRA)},
  year={2014}
}

@inproceedings{GarrettWAFR14,
    AUTHOR = "Caelan Reed Garrett and Tom\'{a}s Lozano-P\'{e}rez and Leslie Pack Kaelbling",
    TITLE = "FFRob: An efficient heuristic for task and motion planning",
    BOOKTITLE = "International Workshop on the Algorithmic Foundations of Robotics (WAFR)",
    YEAR ="2014",
    keywords={Integrated Task and Motion Planning},
     url={http://lis.csail.mit.edu/pubs/garrett-wafr14.pdf}
}

@article{jia2014fcl,
  title={FCL: A General Purpose Library for Collision and Proximity Queries},
  author={Jia Pan and Sachin Chitta and Dinesh Manocha},
  booktitle = {Proceedings of the International Conference on Robotics and Automation (ICRA)},
  year={2012}
}

@inproceedings{JobShopSched,
 author = {Zhang, Wei and Dietterich, Thomas G.},
 title = {A Reinforcement Learning Approach to Job-shop Scheduling},
 booktitle = {Proceedings of the 14th International Joint Conference on Artificial Intelligence - Volume 2},
 series = {IJCAI'95},
 year = {1995},
 isbn = {1-55860-363-8},
 location = {Montreal, Quebec, Canada},
 pages = {1114--1120},
 numpages = {7},
 url = {http://dl.acm.org/citation.cfm?id=1643031.1643044},
 acmid = {1643044},
 publisher = {Morgan Kaufmann Publishers Inc.},
 address = {San Francisco, CA, USA},
}

@inproceedings{workspacebias,
   author = "Matthew Zucker and James Kuffner and J. Andrew (Drew) Bagnell",
   title = "Adaptive Workspace Biasing for Sampling Based Planners",
   booktitle = "Proc. IEEE Int'l Conf. on Robotics and Automation",
   month = "May",
   year = "2008",
}

@article{Boyanlearning,
 author = {Boyan, Justin and Moore, Andrew W.},
 title = {Learning Evaluation Functions to Improve Optimization by Local Search},
 journal = {J. Mach. Learn. Res.},
 issue_date = {9/1/2001},
 volume = {1},
 month = sep,
 year = {2001},
 issn = {1532-4435},
 pages = {77--112},
 numpages = {36},
 url = {http://dx.doi.org/10.1162/15324430152733124},
 doi = {10.1162/15324430152733124},
 acmid = {944736},
 publisher = {JMLR.org},
}

@incollection{hamadisearch,
year={2012},
isbn={978-3-642-21433-2},
booktitle={Autonomous Search},
editor={Hamadi, Youssef and Monfroy, Eric and Saubion, Frédéric},
doi={10.1007/978-3-642-21434-9_9},
title={Continuous Search in Constraint Programming},
url={http://dx.doi.org/10.1007/978-3-642-21434-9_9},
publisher={Springer Berlin Heidelberg},
author={Arbelaez, Alejandro and Hamadi, Youssef and Sebag, Michèle},
pages={219-243},
language={English}
}

@INPROCEEDINGS{Xu07discriminativelearning,
    author = {Yuehua Xu and Sungwook Yoon and Alan Fern},
    title = {Discriminative Learning of Beam-Search Heuristics for Planning},
    booktitle = {PROCEEDINGS OF THE INTERNATIONAL JOINT CONFERENCE ON ARTIFICIAL INTELLIGENCE 2007},
    year = {2007},
    pages = {2041--2046},
    publisher = {}
}

@book{suttonbarto,
 author = {Sutton, Richard S. and Barto, Andrew G.},
 title = {Introduction to Reinforcement Learning},
 year = {1998},
 isbn = {0262193981},
 edition = {1st},
 publisher = {MIT Press},
 address = {Cambridge, MA, USA},
}

@inproceedings{van1997neuro,
  title={A neuro-dynamic programming approach to retailer inventory management},
  author={Van Roy, Benjamin and Bertsekas, Dimitri P and Lee, Yuchun and Tsitsiklis, John N},
  booktitle={Decision and Control, 1997., Proceedings of the 36th IEEE Conference on},
  volume={4},
  pages={4052--4057},
  year={1997},
  organization={IEEE}
}

@article{Wang200573,
title = "Application of reinforcement learning for agent-based production scheduling",
journal = "Engineering Applications of Artificial Intelligence",
volume = "18",
number = "1",
pages = "73 - 82",
year = "2005",
note = "",
issn = "0952-1976",
doi = "http://dx.doi.org/10.1016/j.engappai.2004.08.018",
url = "http://www.sciencedirect.com/science/article/pii/S0952197604001034",
author = "Yi-Chi Wang and John M. Usher",
keywords = "Reinforcement learning",
keywords = "Q-learning",
keywords = "Dispatching rule selection "
}

@article{dahl2009multi,
  title={Multi-robot task allocation through vacancy chain scheduling},
  author={Dahl, Torbj{\o}rn S and Matari{\'c}, Maja and Sukhatme, Gaurav S},
  journal={Robotics and Autonomous Systems},
  volume={57},
  number={6},
  pages={674--687},
  year={2009},
  publisher={Elsevier}
}

@article{chib1995understanding,
  title={Understanding the metropolis-hastings algorithm},
  author={Chib, Siddhartha and Greenberg, Edward},
  journal={The american statistician},
  volume={49},
  number={4},
  pages={327--335},
  year={1995},
  publisher={Taylor \& Francis Group}
}